\bibliographystyle{./IEEEtran}
\bibliography{./IEEEabrv,./IEEEexample}

@book{sutton2018reinforcement,
	title={Reinforcement learning: An introduction},
	author={Sutton, Richard S and Barto, Andrew G},
	year={2018},
	publisher={MIT press}
}

@misc{ESP32TechnicalReference,
	title = {ESP32 Technical Reference Manual},
	organization={Espressif Systems},
	url ={https://www.espressif.com/sites/default/files/documentation/esp32_technical_reference_manual_en.pdf},
	year ={2018}
}

@misc{ESP32DataSheet,
	title = {ESP32 Datasheet},
	organization={Espressif Systems},
	url ={https://www.espressif.com/sites/default/files/documentation/esp32_datasheet_en.pdf},
	version ={2.9},
	year ={2019}
}